
    <zs:record>
      <zs:recordSchema/>
      <zs:recordPacking>xml</zs:recordPacking>
      <zs:recordData>
        <record xmlns="http://www.loc.gov/MARC21/slim">
          <leader>01646cam a2200313   4500</leader>
          <controlfield tag="001">751866</controlfield>
          <controlfield tag="005">20130506121640.0</controlfield>
          <controlfield tag="008">920229m19659999enkabf        001 0 eng  </controlfield>
          <datafield tag="035" ind1=" " ind2=" ">
            <subfield code="9">(DLC)   65002025</subfield>
          </datafield>
          <datafield tag="906" ind1=" " ind2=" ">
            <subfield code="a">7</subfield>
            <subfield code="b">cbc</subfield>
            <subfield code="c">orignew</subfield>
            <subfield code="d">1</subfield>
            <subfield code="e">ocip</subfield>
            <subfield code="f">19</subfield>
            <subfield code="g">y-gencatlg</subfield>
          </datafield>
          <datafield tag="955" ind1=" " ind2=" ">
            <subfield code="a">NEW INPUT; ea12/ea00 to SCD 03-03-92</subfield>
          </datafield>
          <datafield tag="010" ind1=" " ind2=" ">
            <subfield code="a">   65002025 </subfield>
          </datafield>
          <datafield tag="020" ind1=" " ind2=" ">
            <subfield code="a">0521334039 (hbk : v. 5)</subfield>
          </datafield>
          <datafield tag="040" ind1=" " ind2=" ">
            <subfield code="a">DLC</subfield>
            <subfield code="c">DLC</subfield>
            <subfield code="d">DLC</subfield>
          </datafield>
          <datafield tag="050" ind1="0" ind2="0">
            <subfield code="a">GN776.T3</subfield>
            <subfield code="b">L42</subfield>
          </datafield>
          <datafield tag="245" ind1="0" ind2="0">
            <subfield code="a">Olduvai Gorge, 1951-1961.</subfield>
          </datafield>
          <datafield tag="260" ind1=" " ind2=" ">
            <subfield code="a">Cambridge [Eng.]</subfield>
            <subfield code="b">University Press,</subfield>
            <subfield code="c">1965-&lt;1994   &gt;</subfield>
          </datafield>
          <datafield tag="300" ind1=" " ind2=" ">
            <subfield code="a">&lt;v. 1-5; in 6   &gt;</subfield>
            <subfield code="b">illus., maps (part fold.) plates (part col.)</subfield>
            <subfield code="c">29 cm.</subfield>
          </datafield>
          <datafield tag="500" ind1=" " ind2=" ">
            <subfield code="a">Beginning with vol. 2 published under title: Olduvai Gorge.</subfield>
          </datafield>
          <datafield tag="504" ind1=" " ind2=" ">
            <subfield code="a">Includes bibliographies and indexes.</subfield>
          </datafield>
          <datafield tag="505" ind1="1" ind2=" ">
            <subfield code="a">v. 1. A preliminary report on the geology and fauna / by L.S.B. Leakey.--v. 2. The cranium and maxillary dentition of Australopithesus (Zinjanthropus) boisei / by P.V. Tobias.--v. 3. Excavations in beds I and II, 1960-1963 / by M.D. Leakey.--v. 4. The skulls, endocasts, and teeth of Homo Habilis / by P.V. Tobias (2 v.).--v. 5. Excavations in beds III, IV, and the Masek beds, 1968-1971 / M.D. Leakey with D.A. Roe.</subfield>
          </datafield>
          <datafield tag="700" ind1="1" ind2=" ">
            <subfield code="a">Leakey, L. S. B.</subfield>
            <subfield code="q">(Louis Seymour Bazett),</subfield>
            <subfield code="d">1903-1972.</subfield>
          </datafield>
          <datafield tag="700" ind1="1" ind2=" ">
            <subfield code="a">Tobias, Phillip V.</subfield>
          </datafield>
          <datafield tag="700" ind1="1" ind2=" ">
            <subfield code="a">Leakey, Mary D.</subfield>
            <subfield code="q">(Mary Douglas),</subfield>
            <subfield code="d">1913-1996.</subfield>
          </datafield>
          <datafield tag="740" ind1="0" ind2=" ">
            <subfield code="a">Olduvai Gorge.</subfield>
          </datafield>
          <datafield tag="856" ind1="4" ind2="2">
            <subfield code="3">Publisher description</subfield>
            <subfield code="u">http://www.loc.gov/catdir/description/cam022/65002025.html</subfield>
          </datafield>
          <datafield tag="856" ind1="4" ind2="1">
            <subfield code="3">Table of contents</subfield>
            <subfield code="u">http://www.loc.gov/catdir/toc/cam021/65002025.html</subfield>
          </datafield>
          <datafield tag="952" ind1=" " ind2=" ">
            <subfield code="a">Choice/form AACR 2: ea12 02-29-92</subfield>
          </datafield>
          <datafield tag="991" ind1=" " ind2=" ">
            <subfield code="b">c-GenColl</subfield>
            <subfield code="h">GN776.T3</subfield>
            <subfield code="i">L42</subfield>
            <subfield code="t">Copy 1</subfield>
            <subfield code="w">BOOKS</subfield>
          </datafield>
        </record>
      </zs:recordData>
      <zs:recordPosition>2</zs:recordPosition>
    </zs:record>