
    <zs:record>
      <zs:recordSchema/>
      <zs:recordPacking>xml</zs:recordPacking>
      <zs:recordData>
        <record xmlns="http://www.loc.gov/MARC21/slim">
          <leader>01121ccm a2200337 a 4500</leader>
          <controlfield tag="001">5613051</controlfield>
          <controlfield tag="005">20040924161046.0</controlfield>
          <controlfield tag="008">890808s1989    paumug j       n    eng  </controlfield>
          <datafield tag="035" ind1=" " ind2=" ">
            <subfield code="9">(DLC)   89039026</subfield>
          </datafield>
          <datafield tag="906" ind1=" " ind2=" ">
            <subfield code="a">7</subfield>
            <subfield code="b">cbc</subfield>
            <subfield code="c">orignew</subfield>
            <subfield code="d">1</subfield>
            <subfield code="e">ncip</subfield>
            <subfield code="f">19</subfield>
            <subfield code="g">y-genmusic</subfield>
          </datafield>
          <datafield tag="010" ind1=" " ind2=" ">
            <subfield code="a">   89039026 </subfield>
          </datafield>
          <datafield tag="020" ind1=" " ind2=" ">
            <subfield code="a">0817011552 :</subfield>
            <subfield code="c">$8.95</subfield>
          </datafield>
          <datafield tag="040" ind1=" " ind2=" ">
            <subfield code="a">DLC</subfield>
            <subfield code="c">DLC</subfield>
            <subfield code="d">DLC</subfield>
          </datafield>
          <datafield tag="047" ind1=" " ind2=" ">
            <subfield code="a">hy</subfield>
            <subfield code="a">sg</subfield>
          </datafield>
          <datafield tag="048" ind1=" " ind2=" ">
            <subfield code="a">vn01</subfield>
            <subfield code="a">ka01</subfield>
          </datafield>
          <datafield tag="050" ind1="0" ind2="0">
            <subfield code="a">M2193</subfield>
            <subfield code="b">.R27 1989</subfield>
          </datafield>
          <datafield tag="245" ind1="0" ind2="0">
            <subfield code="a">Ready, set-- sing! :</subfield>
            <subfield code="b">songs for Sunday and every day /</subfield>
            <subfield code="c">edited by Mary M. Nicol and Pamela K. Roth.</subfield>
          </datafield>
          <datafield tag="260" ind1=" " ind2=" ">
            <subfield code="a">Valley Forge, PA :</subfield>
            <subfield code="b">Judson Press,</subfield>
            <subfield code="c">c1989.</subfield>
          </datafield>
          <datafield tag="300" ind1=" " ind2=" ">
            <subfield code="a">1 close score ([96] p.) ;</subfield>
            <subfield code="c">26 cm.</subfield>
          </datafield>
          <datafield tag="500" ind1=" " ind2=" ">
            <subfield code="a">Hymns and songs.</subfield>
          </datafield>
          <datafield tag="500" ind1=" " ind2=" ">
            <subfield code="a">For voice(s) and piano.</subfield>
          </datafield>
          <datafield tag="500" ind1=" " ind2=" ">
            <subfield code="a">Includes chord symbols.</subfield>
          </datafield>
          <datafield tag="520" ind1=" " ind2=" ">
            <subfield code="a">Songs to celebrate God, Jesus, Biblical characters, the glories of nature, and some church holy days.</subfield>
          </datafield>
          <datafield tag="650" ind1=" " ind2="0">
            <subfield code="a">Sacred songs</subfield>
            <subfield code="v">Juvenile.</subfield>
          </datafield>
          <datafield tag="650" ind1=" " ind2="0">
            <subfield code="a">Children's songs, English.</subfield>
          </datafield>
          <datafield tag="650" ind1=" " ind2="1">
            <subfield code="a">Hymns.</subfield>
          </datafield>
          <datafield tag="650" ind1=" " ind2="1">
            <subfield code="a">Songs.</subfield>
          </datafield>
          <datafield tag="700" ind1="1" ind2=" ">
            <subfield code="a">Nicol, Mary M.</subfield>
          </datafield>
          <datafield tag="700" ind1="1" ind2=" ">
            <subfield code="a">Roth, Pamela K.</subfield>
          </datafield>
          <datafield tag="953" ind1=" " ind2=" ">
            <subfield code="a">TA28</subfield>
          </datafield>
          <datafield tag="991" ind1=" " ind2=" ">
            <subfield code="b">c-Music</subfield>
            <subfield code="h">M2193</subfield>
            <subfield code="i">.R27 1989</subfield>
            <subfield code="t">Copy 1</subfield>
            <subfield code="w">MUSIC</subfield>
          </datafield>
        </record>
      </zs:recordData>
      <zs:recordPosition>3</zs:recordPosition>
    </zs:record>