
    <zs:record>
      <zs:recordSchema/>
      <zs:recordPacking>xml</zs:recordPacking>
      <zs:recordData>
        <record xmlns="http://www.loc.gov/MARC21/slim">
          <leader>01238pam a22003257a 4500</leader>
          <controlfield tag="001">12312939</controlfield>
          <controlfield tag="005">20081209073056.0</controlfield>
          <controlfield tag="008">010207s2000    bcca          000 0deng d</controlfield>
          <datafield tag="906" ind1=" " ind2=" ">
            <subfield code="a">7</subfield>
            <subfield code="b">cbc</subfield>
            <subfield code="c">copycat</subfield>
            <subfield code="d">3</subfield>
            <subfield code="e">ncip</subfield>
            <subfield code="f">20</subfield>
            <subfield code="g">y-gencatlg</subfield>
          </datafield>
          <datafield tag="925" ind1="0" ind2=" ">
            <subfield code="a">acquire</subfield>
            <subfield code="b">1 shelf copy</subfield>
            <subfield code="x">policy default</subfield>
          </datafield>
          <datafield tag="955" ind1=" " ind2=" ">
            <subfield code="a">nb12 2002-02-28 ON ORDER;nb01 2002-04-19 to SSCD; sp11 2004-02-26 z-processor</subfield>
            <subfield code="i">hc05 2008-11-12</subfield>
            <subfield code="e">hc05 2008-12-09 to BCCD</subfield>
          </datafield>
          <datafield tag="010" ind1=" " ind2=" ">
            <subfield code="a">  2002391248</subfield>
          </datafield>
          <datafield tag="016" ind1=" " ind2=" ">
            <subfield code="a">009110887</subfield>
          </datafield>
          <datafield tag="020" ind1=" " ind2=" ">
            <subfield code="a">096878030X (pbk.)</subfield>
          </datafield>
          <datafield tag="020" ind1=" " ind2=" ">
            <subfield code="a">9780968780305 (pbk.)</subfield>
          </datafield>
          <datafield tag="035" ind1=" " ind2=" ">
            <subfield code="a">(OCoLC)ocm45002987</subfield>
          </datafield>
          <datafield tag="040" ind1=" " ind2=" ">
            <subfield code="a">CaBVAU</subfield>
            <subfield code="b">eng</subfield>
            <subfield code="c">NLC</subfield>
            <subfield code="d">DLC</subfield>
          </datafield>
          <datafield tag="042" ind1=" " ind2=" ">
            <subfield code="a">lccopycat</subfield>
          </datafield>
          <datafield tag="043" ind1=" " ind2=" ">
            <subfield code="a">n-cn-bc</subfield>
          </datafield>
          <datafield tag="050" ind1="0" ind2="0">
            <subfield code="a">BX4605.G48</subfield>
            <subfield code="b">S23 2000</subfield>
          </datafield>
          <datafield tag="082" ind1="0" ind2="4">
            <subfield code="a">282/.71131</subfield>
            <subfield code="2">21</subfield>
          </datafield>
          <datafield tag="100" ind1="1" ind2=" ">
            <subfield code="a">Nicol, Mary,</subfield>
            <subfield code="d">1930-</subfield>
          </datafield>
          <datafield tag="245" ind1="1" ind2="0">
            <subfield code="a">St. Mary's Catholic Church :</subfield>
            <subfield code="b">the first fifty years /</subfield>
            <subfield code="c">Mary Nicol.</subfield>
          </datafield>
          <datafield tag="260" ind1=" " ind2=" ">
            <subfield code="a">Gibsons, B.C. :</subfield>
            <subfield code="b">Elphinstone Pioneer Museum :</subfield>
            <subfield code="b">St. Mary's Catholic Church,</subfield>
            <subfield code="c">c2000.</subfield>
          </datafield>
          <datafield tag="300" ind1=" " ind2=" ">
            <subfield code="a">72 p. :</subfield>
            <subfield code="b">ill. ;</subfield>
            <subfield code="c">28 cm.</subfield>
          </datafield>
          <datafield tag="610" ind1="2" ind2="0">
            <subfield code="a">St. Mary's Catholic Church (Gibsons, B.C.)</subfield>
            <subfield code="x">History.</subfield>
          </datafield>
          <datafield tag="610" ind1="2" ind2="6">
            <subfield code="a">St. Mary's Catholic Church (Gibsons, C.-B.)</subfield>
            <subfield code="x">Histoire.</subfield>
          </datafield>
          <datafield tag="710" ind1="2" ind2=" ">
            <subfield code="a">Elphinstone Pioneer Museum.</subfield>
          </datafield>
          <datafield tag="710" ind1="2" ind2=" ">
            <subfield code="a">St. Mary's Catholic Church (Gibsons, B.C.)</subfield>
          </datafield>
          <datafield tag="923" ind1=" " ind2=" ">
            <subfield code="d">20020410</subfield>
            <subfield code="n">I10042681</subfield>
            <subfield code="s">Coutts</subfield>
          </datafield>
        </record>
      </zs:recordData>
      <zs:recordPosition>9</zs:recordPosition>
    </zs:record>